@inproceedings{odom2011teenagers,
  title={Teenagers and their virtual possessions: design opportunities and issues},
  author={Odom, William and Zimmerman, John and Forlizzi, Jodi},
  booktitle={Proceedings of the SIGCHI conference on Human Factors in computing systems},
  pages={1491--1500},
  year={2011}
}